<?xml version="1.0" encoding="UTF-8"?><record xmlns="http://www.loc.gov/MARC21/slim" xmlns:cinclude="http://apache.org/cocoon/include/1.0" xmlns:zs="http://www.loc.gov/zing/srw/">
  <leader>00820nz  a2200205n  4500</leader>
  <controlfield tag="001">no2015001129</controlfield>
  <controlfield tag="003">DLC</controlfield>
  <controlfield tag="005">20150107073531.0</controlfield>
  <controlfield tag="008">150106n| azannaabn          |a aaa     c</controlfield>
  <datafield tag="010" ind1=" " ind2=" ">
    <subfield code="a">no2015001129</subfield>
  </datafield>
  <datafield tag="035" ind1=" " ind2=" ">
    <subfield code="a">(OCoLC)oca10052790</subfield>
  </datafield>
  <datafield tag="040" ind1=" " ind2=" ">
    <subfield code="a">ICU</subfield>
    <subfield code="b">eng</subfield>
    <subfield code="e">rda</subfield>
    <subfield code="c">ICU</subfield>
  </datafield>
  <datafield tag="100" ind1="1" ind2=" ">
    <subfield code="a">Donát, V.</subfield>
  </datafield>
  <datafield tag="370" ind1=" " ind2=" ">
    <subfield code="c">Australia</subfield>
  </datafield>
  <datafield tag="377" ind1=" " ind2=" ">
    <subfield code="a">cze</subfield>
  </datafield>
  <datafield tag="400" ind1="1" ind2=" ">
    <subfield code="a">Ondrášek, Miloš</subfield>
  </datafield>
  <datafield tag="400" ind1="0" ind2=" ">
    <subfield code="a">IP</subfield>
  </datafield>
  <datafield tag="400" ind1="1" ind2=" ">
    <subfield code="a">P., I.</subfield>
  </datafield>
  <datafield tag="670" ind1=" " ind2=" ">
    <subfield code="a">Hlas domova 1950/1975, 1975:</subfield>
    <subfield code="b">colophon (K tisku připravili V. Donát a A. Nebeský)</subfield>
  </datafield>
  <datafield tag="670" ind1=" " ind2=" ">
    <subfield code="a">Krajane.net WWW site, Jan. 5, 2014:</subfield>
    <subfield code="b">Deset let s Hlasem domova (2008.08.25) page (Miloš Ondrášek, who immigrated to Australia with his family in 1969, contributed articles to, and worked with, the Australian Czech-language newspaper Hlas domova; wrote under the pseudonyms V. Donát and IP)</subfield>
  </datafield>
</record>